<?xml version="1.0" encoding="UTF-8"?><collection xmlns="http://www.loc.gov/MARC21/slim"><record><leader>00287nam--2200121-i-4500</leader><controlfield tag="001">000049778</controlfield><controlfield tag="002">20161230</controlfield><controlfield tag="005">20161230201047</controlfield><controlfield tag="008">060222s1000------------r-----000-0-eng-d</controlfield><datafield ind1=" " ind2=" " tag="080"><subfield code="a">539.186/.188</subfield></datafield><datafield ind1=" " ind2=" " tag="245"><subfield code="a">Atomnye processy</subfield></datafield><datafield ind1=" " ind2=" " tag="260"><subfield code="a">Riga, Izdatelstvo Zinatne, 1975, 138s</subfield></datafield><datafield ind1=" " ind2=" " tag="852"><subfield code="a">43040</subfield></datafield></record></collection>